@article{survey,
	author = {Sahu, Siddhartha and Mhedhbi, Amine and Salihoglu, Semih and Lin, Jimmy and \"{O}zsu, M. Tamer},
	title = {The Ubiquity of Large Graphs and Surprising Challenges of Graph Processing},
	journal = {Proc. VLDB Endow.},
	issue_date = {December 2017},
	volume = {11},
	number = {4},
	month = dec,
	year = {2017},
	issn = {2150-8097},
	pages = {420--431},
	numpages = {12},
	url = {https://doi.org/10.1145/3186728.3164139},
	doi = {10.1145/3186728.3164139},
	acmid = {3164139},
	publisher = {VLDB Endowment},
}
@article{emptyheaded,
 author = {Aberger, Christopher R. and Lamb, Andrew and Tu, Susan and N\"{o}tzli, Andres and Olukotun, Kunle and R{\'e}, Christopher},
 title = {EmptyHeaded: A Relational Engine for Graph Processing},
 journal = {ACM Trans. Database Syst.},
 issue_date = {November 2017},
 volume = {42},
 number = {4},
 month = oct,
 year = {2017},
 issn = {0362-5915},
 pages = {20:1--20:44},
 articleno = {20},
 numpages = {44},
 url = {http://doi.acm.org/10.1145/3129246},
 doi = {10.1145/3129246},
 acmid = {3129246},
 publisher = {ACM},
 address = {New York, NY, USA},
 keywords = {GHD, SIMD, Worst-case optimal join, generalized hypertree decomposition, graph processing, single-instruction multiple data},
} 
@misc{flink,
  title = {{Apache Flink}},
  howpublished = {\url{https://flink.apache.org/}},
  note = {Accessed: 2019-04-01}
}
@misc{giraph,
  title = {{Apache Giraph}},
  howpublished = {\url{https://giraph.apache.org/}},
  note = {Accessed: 2019-04-01}
}
@misc{spark,
  title = {{Apache Spark Graph X}},
  howpublished = {\url{https://spark.apache.org/graphx/}},
  note = {Accessed: 2019-04-01}
}
@misc{neo4j,
  title = {{Neo4j}},
  howpublished = {\url{https://neo4j.com/}},
  note = {Accessed: 2019-04-01}
}
@misc{orientdb,
  title = {{OrientDB}},
  howpublished = {\url{https://orientdb.com/}},
  note = {Accessed: 2019-04-01}
}
@misc{arangodb,
  title = {{ArangoDB}},
  howpublished = {\url{https://www.arangodb.com/}},
  note = {Accessed: 2019-04-01}
}
@misc{emptyheadedgit,
  title = {{EmptyHeaded}},
  howpublished = {\url{https://github.com/HazyResearch/EmptyHeaded}},
  note = {Accessed: 2019-04-01}
}


