@inproceedings{twitter-sentiment,
 author = {Wang, Xiaolong and Wei, Furu and Liu, Xiaohua and Zhou, Ming and Zhang, Ming},
 title = {Topic Sentiment Analysis in Twitter: A Graph-based Hashtag Sentiment Classification Approach},
 booktitle = {Proceedings of the 20th ACM International Conference on Information and Knowledge Management},
 series = {CIKM '11},
 year = {2011},
 isbn = {978-1-4503-0717-8},
 location = {Glasgow, Scotland, UK},
 pages = {1031--1040},
 numpages = {10},
 url = {http://doi.acm.org/10.1145/2063576.2063726},
 doi = {10.1145/2063576.2063726},
 acmid = {2063726},
 publisher = {ACM},
 address = {New York, NY, USA},
 keywords = {graph-based classification, hashtag, sentiment analysis, twitter},
}
@article{facebook-trillion,
 author = {Ching, Avery and Edunov, Sergey and Kabiljo, Maja and Logothetis, Dionysios and Muthukrishnan, Sambavi},
 title = {One Trillion Edges: Graph Processing at Facebook-scale},
 journal = {Proc. VLDB Endow.},
 issue_date = {August 2015},
 volume = {8},
 number = {12},
 month = aug,
 year = {2015},
 issn = {2150-8097},
 pages = {1804--1815},
 numpages = {12},
 url = {http://dx.doi.org/10.14778/2824032.2824077},
 doi = {10.14778/2824032.2824077},
 acmid = {2824077},
 publisher = {VLDB Endowment},
} 
@inproceedings{traversal-benchmarking,
  title={Benchmarking traversal operations over graph databases},
  author={Ciglan, Marek and Averbuch, Alex and Hluchy, Ladialav},
  booktitle={2012 IEEE 28th International Conference on Data Engineering Workshops},
  pages={186--189},
  year={2012},
  organization={IEEE}
}
@inproceedings{graphalytics,
 author = {Capot\u{a}, Mihai and Hegeman, Tim and Iosup, Alexandru and Prat-P{\'e}rez, Arnau and Erling, Orri and Boncz, Peter},
 title = {Graphalytics: A Big Data Benchmark for Graph-Processing Platforms},
 booktitle = {Proceedings of the GRADES'15},
 series = {GRADES'15},
 year = {2015},
 isbn = {978-1-4503-3611-6},
 location = {Melbourne, VIC, Australia},
 pages = {7:1--7:6},
 articleno = {7},
 numpages = {6},
 url = {http://doi.acm.org/10.1145/2764947.2764954},
 doi = {10.1145/2764947.2764954},
 acmid = {2764954},
 publisher = {ACM},
 address = {New York, NY, USA},
}
@inproceedings{how-well,
  title={How well do graph-processing platforms perform? an empirical performance evaluation and analysis},
  author={Guo, Yong and Biczak, Marcin and Varbanescu, Ana Lucia and Iosup, Alexandru and Martella, Claudio and Willke, Theodore L},
  booktitle={2014 IEEE 28th International Parallel and Distributed Processing Symposium},
  pages={395--404},
  year={2014},
  organization={IEEE}
}
@inproceedings{benchmarking-vision,
 author = {Guo, Yong and Varbanescu, Ana Lucia and Iosup, Alexandru and Martella, Claudio and Willke, Theodore L.},
 title = {Benchmarking Graph-processing Platforms: A Vision},
 booktitle = {Proceedings of the 5th ACM/SPEC International Conference on Performance Engineering},
 series = {ICPE '14},
 year = {2014},
 isbn = {978-1-4503-2733-6},
 location = {Dublin, Ireland},
 pages = {289--292},
 numpages = {4},
 url = {http://doi.acm.org/10.1145/2568088.2576761},
 doi = {10.1145/2568088.2576761},
 acmid = {2576761},
 publisher = {ACM},
 address = {New York, NY, USA},
 keywords = {benchmarking, experimentation, graph processing, performance},
}
@article{large-scale,
  title={Large scale graph data processing on cloud computing environments},
  author={Yu, Ge and Gu, Yu and Bao, Yu-Bin and Wang, Zhi-Gang},
  journal={Jisuanji Xuebao(Chinese Journal of Computers)},
  volume={34},
  number={10},
  pages={1753--1767},
  year={2011},
  publisher={Science Press, 16 Donghuangchenggen North Street Beijing 100717 cjcct. ac~â€¦}
}
@inproceedings {scalability-cost,
author = {Frank McSherry and Michael Isard and Derek G. Murray},
title = {Scalability! But at what {COST}?},
booktitle = {15th Workshop on Hot Topics in Operating Systems (HotOS {XV})},
year = {2015},
address = {Kartause Ittingen, Switzerland},
url = {https://www.usenix.org/conference/hotos15/workshop-program/presentation/mcsherry},
publisher = {{USENIX} Association},
}
@inproceedings{case-against,
  title={The Case Against Specialized Graph Analytics Engines.},
  author={Fan, Jing and Raj, Adalbert Gerald Soosai and Patel, Jignesh M},
  booktitle={CIDR},
  year={2015}
}
@article{challenges,
  title={Challenges in parallel graph processing},
  author={Lumsdaine, Andrew and Gregor, Douglas and Hendrickson, Bruce and Berry, Jonathan},
  journal={Parallel Processing Letters},
  volume={17},
  number={01},
  pages={5--20},
  year={2007},
  publisher={World Scientific}
}
@inproceedings{pregel,
 author = {Malewicz, Grzegorz and Austern, Matthew H. and Bik, Aart J.C and Dehnert, James C. and Horn, Ilan and Leiser, Naty and Czajkowski, Grzegorz},
 title = {Pregel: A System for Large-scale Graph Processing},
 booktitle = {Proceedings of the 2010 ACM SIGMOD International Conference on Management of Data},
 series = {SIGMOD '10},
 year = {2010},
 isbn = {978-1-4503-0032-2},
 location = {Indianapolis, Indiana, USA},
 pages = {135--146},
 numpages = {12},
 url = {http://doi.acm.org/10.1145/1807167.1807184},
 doi = {10.1145/1807167.1807184},
 acmid = {1807184},
 publisher = {ACM},
 address = {New York, NY, USA},
 keywords = {distributed computing, graph algorigthms},
}
@article{survey,
	author = {Sahu, Siddhartha and Mhedhbi, Amine and Salihoglu, Semih and Lin, Jimmy and \"{O}zsu, M. Tamer},
	title = {The Ubiquity of Large Graphs and Surprising Challenges of Graph Processing},
	journal = {Proc. VLDB Endow.},
	issue_date = {December 2017},
	volume = {11},
	number = {4},
	month = dec,
	year = {2017},
	issn = {2150-8097},
	pages = {420--431},
	numpages = {12},
	url = {https://doi.org/10.1145/3186728.3164139},
	doi = {10.1145/3186728.3164139},
	acmid = {3164139},
	publisher = {VLDB Endowment},
}
@article{emptyheaded,
 author = {Aberger, Christopher R. and Lamb, Andrew and Tu, Susan and N\"{o}tzli, Andres and Olukotun, Kunle and R{\'e}, Christopher},
 title = {EmptyHeaded: A Relational Engine for Graph Processing},
 journal = {ACM Trans. Database Syst.},
 issue_date = {November 2017},
 volume = {42},
 number = {4},
 month = oct,
 year = {2017},
 issn = {0362-5915},
 pages = {20:1--20:44},
 articleno = {20},
 numpages = {44},
 url = {http://doi.acm.org/10.1145/3129246},
 doi = {10.1145/3129246},
 acmid = {3129246},
 publisher = {ACM},
 address = {New York, NY, USA},
 keywords = {GHD, SIMD, Worst-case optimal join, generalized hypertree decomposition, graph processing, single-instruction multiple data},
}
@inproceedings{timelydf,
 author = {Murray, Derek G. and McSherry, Frank and Isaacs, Rebecca and Isard, Michael and Barham, Paul and Abadi, Mart\'{\i}n},
 title = {Naiad: A Timely Dataflow System},
 booktitle = {Proceedings of the Twenty-Fourth ACM Symposium on Operating Systems Principles},
 series = {SOSP '13},
 year = {2013},
 isbn = {978-1-4503-2388-8},
 location = {Farminton, Pennsylvania},
 pages = {439--455},
 numpages = {17},
 url = {http://doi.acm.org/10.1145/2517349.2522738},
 doi = {10.1145/2517349.2522738},
 acmid = {2522738},
 publisher = {ACM},
 address = {New York, NY, USA},
}
@article{graphlab,
 author = {Low, Yucheng and Bickson, Danny and Gonzalez, Joseph and Guestrin, Carlos and Kyrola, Aapo and Hellerstein, Joseph M.},
 title = {Distributed GraphLab: A Framework for Machine Learning and Data Mining in the Cloud},
 journal = {Proc. VLDB Endow.},
 issue_date = {April 2012},
 volume = {5},
 number = {8},
 month = apr,
 year = {2012},
 issn = {2150-8097},
 pages = {716--727},
 numpages = {12},
 url = {https://doi.org/10.14778/2212351.2212354},
 doi = {10.14778/2212351.2212354},
 acmid = {2212354},
 publisher = {VLDB Endowment},
}
@inproceedings{naiad,
 author = {Murray, Derek G. and McSherry, Frank and Isaacs, Rebecca and Isard, Michael and Barham, Paul and Abadi, Mart\'{\i}n},
 title = {Naiad: A Timely Dataflow System},
 booktitle = {Proceedings of the Twenty-Fourth ACM Symposium on Operating Systems Principles},
 series = {SOSP '13},
 year = {2013},
 isbn = {978-1-4503-2388-8},
 location = {Farminton, Pennsylvania},
 pages = {439--455},
 numpages = {17},
 url = {http://doi.acm.org/10.1145/2517349.2522738},
 doi = {10.1145/2517349.2522738},
 acmid = {2522738},
 publisher = {ACM},
 address = {New York, NY, USA},
}
@inproceedings {powergraph,
author = {Joseph E. Gonzalez and Yucheng Low and Haijie Gu and Danny Bickson and Carlos Guestrin},
title = {PowerGraph: Distributed Graph-Parallel Computation on Natural Graphs},
booktitle = {Presented as part of the 10th {USENIX} Symposium on Operating Systems Design and Implementation ({OSDI} 12)},
year = {2012},
isbn = {978-1-931971-96-6},
address = {Hollywood, CA},
pages = {17--30},
url = {https://www.usenix.org/conference/osdi12/technical-sessions/presentation/gonzalez},
publisher = {{USENIX}},
}
@inproceedings {graphxpaper,
author = {Joseph E. Gonzalez and Reynold S. Xin and Ankur Dave and Daniel Crankshaw and Michael J. Franklin and Ion Stoica},
title = {GraphX: Graph Processing in a Distributed Dataflow Framework},
booktitle = {11th {USENIX} Symposium on Operating Systems Design and Implementation ({OSDI} 14)},
year = {2014},
isbn = { 978-1-931971-16-4},
address = {Broomfield, CO},
pages = {599--613},
url = {https://www.usenix.org/conference/osdi14/technical-sessions/presentation/gonzalez},
publisher = {{USENIX} Association},
}
@inproceedings{twitter,
author = {Kwak, Haewoon and Lee, Changhyun and Park, Hosung and Moon, Sue},
title = "{W}hat is {T}witter, a social network or a news media?",
booktitle = {WWW '10: Proceedings of the 19th international conference on World wide web},
year = {2010},
isbn = {978-1-60558-799-8},
pages = {591--600},
location = {Raleigh, North Carolina, USA},
doi = {http://doi.acm.org/10.1145/1772690.1772751},
publisher = {ACM},
address = {New York, NY, USA},
}
@misc{snapnets,
  author       = {Jure Leskovec and Andrej Krevl},
  title        = {{SNAP Datasets}: {Stanford} Large Network Dataset Collection},
  howpublished = {\url{http://snap.stanford.edu/data}},
  month        = jun,
  year         = 2014
}
@misc{flink,
  title = {{Apache Flink}},
  howpublished = {\url{https://flink.apache.org/}},
  note = {Accessed: 2019-04-10}
}
@misc{giraph,
  title = {{Apache Giraph}},
  howpublished = {\url{https://giraph.apache.org/}},
  note = {Accessed: 2019-04-10}
}
@misc{spark,
  title = {{Apache Spark Graph X}},
  howpublished = {\url{https://spark.apache.org/graphx/}},
  note = {Accessed: 2019-04-10}
}
@misc{neo4j,
  title = {{Neo4j}},
  howpublished = {\url{https://neo4j.com/}},
  note = {Accessed: 2019-04-10}
}
@misc{orientdb,
  title = {{OrientDB}},
  howpublished = {\url{https://orientdb.com/}},
  note = {Accessed: 2019-04-10}
}
@misc{arangodb,
  title = {{ArangoDB}},
  howpublished = {\url{https://www.arangodb.com/}},
  note = {Accessed: 2019-04-10}
}
@misc{emptyheadedgit,
  title = {{EmptyHeaded}},
  howpublished = {\url{https://github.com/HazyResearch/EmptyHeaded}},
  note = {Accessed: 2019-04-10}
}


